@book{darwen2014introduction,
  title={{An Introduction to Relational Database Theory}},
  author={Darwen, Hugh},
  publisher={Bookboon},
  year={2014},
  isbn={978-87-7681-500-4},
  url={https://bookboon.com/en/an-introduction-to-relational-database-theory-ebook}
}

@book{darwen2010exercises,
  title={{Exercises on Relational Database Theory}},
  author={Darwen, Hugh},
  publisher={Bookboon},
  year={2010},
  url={https://bookboon.com/en/exercises-on-relational-database-theory-ebook}
}

@book{darwen2011sql,
  title={{SQL: A Comparative Survey}},
  author={Darwen, Hugh},
  publisher={Bookboon},
  year={2011},
  url={https://bookboon.com/en/sql-a-comparative-survey-ebook}
}
